@misc{Aldebaran,
  author = {Aldebaran},
  title = {\textit{SoftBank Robotics documentation}},
  url = {http://doc.aldebaran.com/2-5/index.html}
}

@misc{NAO,
   author = {Mike Beiter, Brian Coltin, Somchaya Liemhetcharat},
   title = {\textit{An introduction to robotics with NAO}},
   url = {http://www.kramirez.net/Robotica/Material/Nao/AnIntroductionToRoboticsWithNao_TextBook_2012_US.pdf}
}

@article{Numero7,
    author = "Clabaugh C., Mataric M.",
    title = "\textit{Escaping Oz: Autonomy in Socially Assistive Robotics. Annu. Rev. Control Robot. Auton. Syst.}",
    volume = "2",
    pages = "33–61",
    year = "2019",
    DOI = "10.1146",
}

@article{Numero9,
    author = "van den Berk-Smeekens",
    title = "et al. \textit{Adherence and acceptability of a robot-assisted Pivotal Response Treatment protocol for children with autism spectrum disorder.}",
    volume = "10",
    pages = "11",
    year = "2020",
    DOI = "10.1038",
}

@article{Numero10,
    author = "Marino F.",
    title = "et al. \textit{Outcomes of a Robot-Assisted Social-Emotional Understanding Intervention for Young Children with Autism Spectrum Disorders.}",
    journal = "Journal of Autism and Developmental Disorders",
    volume = "50",
    pages = "1973–1987",
    year = "2020",
    DOI = "10.1007",
}

@article{Numero11,
    author = "Szymona B.",
    title = "\textit{Robot-Assisted Autism Therapy (RAAT). Criteria and Types of Experiments Using Anthropomorphic and Zoomorphic Robots. Review of the Research.}",
    journal = "Sensors",
    volume = "21(11)",
    pages = "3720",
    year = "2021 May 27",
    DOI = "10.3390",
}

@article{Numero12,
    author = "Alabdulkareem A.",
    title = "et al. \textit{A Systematic Review of Research on Robot-Assisted Therapy for Children with Autism.}",
    journal = "Sensors",
    volume = "22(3)",
    pages = "944",
    year = "2022 Jan 26",
    DOI = "10.3390",
}

@article{Numero13,
    author = "Amirova A. Rakhymbayeva N. Zhanatkyzy A. Telisheva Z. Sandygulova A.",
    title = "\textit{Effects of Parental Involvement in Robot-Assisted Autism Therapy.}",
    journal = "Journal of Autism and Developmental Disorders",
    volume = "53(1)",
    pages = "438-455",
    year = "2023 Jan",
    DOI = "10.1007/s10803-022-05429-x.",
}

@article{Numero14,
    author = "Ghiglino D. Chevalier P. Floris F. Priolo T. Wykowska A.",
    title = "\textit{Follow the white robot: Efficacy of robot-assistive training for children with autism spectrum condition.}",
    journal = "Research in Autism Spectrum Disorders",
    volume = "86",
    pages = "",
    year = "2021 Aug",
    DOI = "10.1822",
}
